// related
@article{hossen2023attention,
  title={Attention monitoring of students during online classes using XGBoost classifier},
  author={Hossen, Muhammad Kamal and Uddin, Mohammad Shorif},
  journal={Computers and Education: Artificial Intelligence},
  volume={5},
  pages={100191},
  year={2023},
  publisher={Elsevier}
}

@inproceedings{saha2021attendance,
  title={Attendance and attention monitoring-a perspective in digital pedagogy},
  author={Saha, Dwaipayan and Mukherjee, Indrani and Roy, Jesmin and Sarkar, Bikramjit and Bhattacharjee, Rupak},
  booktitle={Journal of Physics: Conference Series},
  volume={1797},
  number={1},
  pages={012067},
  year={2021},
  organization={IOP Publishing}
}

@inproceedings{ong2021application,
  title={The application of image processing for monitoring student’s attention level during online class},
  author={Ong, JW and Chew, WJ and Phang, SK},
  booktitle={Journal of Physics: Conference Series},
  volume={2120},
  number={1},
  pages={012028},
  year={2021},
  organization={IOP Publishing}
}

@inproceedings{roy2021students,
  title={Students attention monitoring and alert system for online classes using face landmarks},
  author={Roy, Mukul Lata and Malathi, D and Jayaseeli, JD Dorathi},
  booktitle={2021 IEEE 4th International Conference on Computing, Power and Communication Technologies (GUCON)},
  pages={1--6},
  year={2021},
  organization={IEEE}
}

@article{sharma2021socms,
  title={SOCMS: Smart online class monitoring system},
  author={Sharma, Madhu},
  journal={Journal of Statistics and Management Systems},
  volume={24},
  number={2},
  pages={251--261},
  year={2021},
  publisher={Taylor \& Francis}
}

@inproceedings{mukherjee2021monitoring,
  title={Monitoring, recognition and attendance automation in online class: combination of image processing, cryptography in IoT security},
  author={Mukherjee, Pritam and Mondal, Abhishek and Dey, Soumallya and Layek, Avishikta and Neogi, Sanchari and Gope, Monisha and Gupta, Subir},
  booktitle={International Conference on Network Security and Blockchain Technology},
  pages={18--27},
  year={2021},
  organization={Springer}
}

@inproceedings{goud2022smart,
  title={Smart attendance monitoring system for online classes using facial recognition},
  author={Goud, Suraj and Abhiram, R and Nayak, Padmalaya and Kaushal, Priyanka},
  booktitle={International Conference on Innovative Computing and Communications: Proceedings of ICICC 2022, Volume 2},
  pages={193--203},
  year={2022},
  organization={Springer}
}

// cognição

@article{soleymani2016detecting,
  title={Detecting cognitive appraisals from facial expressions for interest recognition},
  author={Soleymani, Mohammad},
  journal={arXiv preprint arXiv:1609.09761},
  year={2016}
}

@article{sawada2015emotional,
  title={Emotional attention capture by facial expressions},
  author={Sawada, Reiko and Sato, Wataru},
  journal={Scientific reports},
  volume={5},
  number={1},
  pages={14042},
  year={2015},
  publisher={Nature Publishing Group UK London}
}


// metodologia expositiva
@article{vasconcellos1992metodologia,
  title={Metodologia dial{\'e}tica em sala de aula},
  author={Vasconcellos, Celso dos S},
  journal={Revista de Educa{\c{c}}{\~a}o AEC. Bras{\'\i}lia},
  volume={21},
  number={83},
  pages={28--55},
  year={1992}
}

@article{pereira2022critica,
  title={Cr{\'\i}tica a metodologia tradicional expositiva},
  author={Pereira, Renata de Lima and Silva, AG},
  journal={Anais I},
  year={2022}
}

@article{ANDREATA2019,
   title = {{Aula expositiva e Paulo Freire}},
   journal = {{Ensino em Re-Vista}},
   author={Andreata, Mauro Antonio},
   ISSN = {1983-1730},
   language = {pt},
   URL = {http://educa.fcc.org.br/scielo.php?script=sci_arttext&pid=S1983-17302019000300700&nrm=iso},
   volume = {26},
   year = {2019},
   month = {09},
   pages = {700 - 724},
   publisher = {scielo},
   crossref = {10.14393/er-v26n3a2019-4},
   }

// associando telas à distração
@article{lopes2017uso,
  title={O uso do celular em sala de aula como ferramenta pedag{\'o}gica: Benef{\'\i}cios e desafios},
  author={Lopes, Priscila Almeida and Pimenta, Cintia Cerqueira Cunha},
  journal={Revista Cadernos de Estudos e Pesquisa na Educa{\c{c}}{\~a}o B{\'a}sica, Recife},
  volume={3},
  number={1},
  pages={52--66},
  year={2017}
}

// ead no brasil
@article{moran2009ensino,
  title={O ensino superior a dist{\^a}ncia no Brasil},
  author={Moran, Jos{\'e} Manuel},
  journal={Educa{\c{c}}{\~a}o \& linguagem},
  volume={12},
  number={19},
  pages={17--35},
  year={2009}
}